@misc{nova,
      author = {Abhiram Kothapalli and Srinath Setty and Ioanna Tzialla},
      title = {Nova: Recursive Zero-Knowledge Arguments from Folding Schemes},
      howpublished = {Cryptology ePrint Archive, Paper 2021/370},
      year = {2021},
      note = {\url{https://eprint.iacr.org/2021/370}},
      url = {https://eprint.iacr.org/2021/370}
}

@misc{nova_fixed,
      author = {Wilson Nguyen and Dan Boneh and Srinath Setty},
      title = {Revisiting the Nova Proof System on a Cycle of Curves},
      howpublished = {Cryptology ePrint Archive, Paper 2023/969},
      year = {2023},
      note = {\url{https://eprint.iacr.org/2023/969}},
      url = {https://eprint.iacr.org/2023/969}
}

@inproceedings{zkp,
    author = {Goldwasser, S and Micali, S and Rackoff, C},
    title = {The Knowledge Complexity of Interactive Proof-Systems},
    year = {1985},
    isbn = {0897911512},
    publisher = {Association for Computing Machinery},
    address = {New York, NY, USA},
    url = {https://doi.org/10.1145/22145.22178},
    doi = {10.1145/22145.22178},
    booktitle = {Proceedings of the Seventeenth Annual ACM Symposium on Theory of Computing},
    pages = {291–304},
    numpages = {14},
    location = {Providence, Rhode Island, USA},
    series = {STOC '85}
}

@misc{supernova,
      author = {Abhiram Kothapalli and Srinath Setty},
      title = {SuperNova: Proving universal machine executions without universal circuits},
      howpublished = {Cryptology ePrint Archive, Paper 2022/1758},
      year = {2022},
      note = {\url{https://eprint.iacr.org/2022/1758}},
      url = {https://eprint.iacr.org/2022/1758}
}

@misc{groth16,
      author = {Jens Groth},
      title = {On the Size of Pairing-based Non-interactive Arguments},
      howpublished = {Cryptology ePrint Archive, Paper 2016/260},
      year = {2016},
      note = {\url{https://eprint.iacr.org/2016/260}},
      url = {https://eprint.iacr.org/2016/260}
}

@misc{zksaas,
      author = {Sanjam Garg and Aarushi Goel and Abhishek Jain and Guru-Vamsi Policharla and Sruthi Sekar},
      title = {$\mathsf{zkSaaS}$: Zero-Knowledge SNARKs as a Service},
      howpublished = {Cryptology ePrint Archive, Paper 2023/905},
      year = {2023},
      note = {\url{https://eprint.iacr.org/2023/905}},
      url = {https://eprint.iacr.org/2023/905}
}

@misc{plonk,
      author = {Ariel Gabizon and Zachary J.  Williamson and Oana Ciobotaru},
      title = {PLONK: Permutations over Lagrange-bases for Oecumenical Noninteractive arguments of Knowledge},
      howpublished = {Cryptology ePrint Archive, Paper 2019/953},
      year = {2019},
      note = {\url{https://eprint.iacr.org/2019/953}},
      url = {https://eprint.iacr.org/2019/953}
}

@misc{pq_zk,
  author = {Alessandro Chiesa and Dev Ojha and Nicholas Spooner},
  title = {Fractal: Post-Quantum and Transparent Recursive Proofs from Holography},
  howpublished = {Cryptology ePrint Archive, Paper 2019/1076},
  year = {2019},
  note = {\url{https://eprint.iacr.org/2019/1076}},
  url = {https://eprint.iacr.org/2019/1076}
}

@misc{zkstarks,
  author = {Eli Ben-Sasson and Iddo Bentov and Yinon Horesh and Michael Riabzev},
  title = {Scalable, transparent, and post-quantum secure computational integrity},
  howpublished = {Cryptology ePrint Archive, Paper 2018/046},
  year = {2018},
  note = {\url{https://eprint.iacr.org/2018/046}},
  url = {https://eprint.iacr.org/2018/046}
}

@misc{l2beat,
  title = {{L2Beat}},
  howpublished = {\url{https://l2beat.com}},
  note = {Accessed: \today}
}

@misc{intmax,
  author = {Leona Hioki},
  title = {Intmax: Trustless and near-zero gas cost token transfer payment system},
  howpublished = {\url{https://ethresear.ch/t/intmax-trustless-and-near-zero-gas-cost-token-transfer-payment-system/13904}},
  note = {Accessed: \today}
}

@misc{plasma_prime,
  author = {BANKEX Foundation team},
  title = {Plasma Prime design proposal},
  howpublished = {\url{https://ethresear.ch/t/plasma-prime-design-proposal/4222}},
  note = {Accessed: \today}
}


@misc{sonic,
  author = {Mary Maller and Sean Bowe and Markulf Kohlweiss and Sarah Meiklejohn},
  title = {Sonic: Zero-Knowledge SNARKs from Linear-Size Universal and Updateable Structured Reference Strings},
  howpublished = {Cryptology ePrint Archive, Paper 2019/099},
  year = {2019},
  note = {\url{https://eprint.iacr.org/2019/099}},
  url = {https://eprint.iacr.org/2019/099}
}

@misc{supersonic,
  author = {Benedikt Bünz and Ben Fisch and Alan Szepieniec},
  title = {Transparent SNARKs from DARK Compilers},
  howpublished = {Cryptology ePrint Archive, Paper 2019/1229},
  year = {2019},
  note = {\url{https://eprint.iacr.org/2019/1229}},
  url = {https://eprint.iacr.org/2019/1229}
}

@misc{marlin,
      author = {Alessandro Chiesa and Yuncong Hu and Mary Maller and Pratyush Mishra and Psi Vesely and Nicholas Ward},
      title = {Marlin: Preprocessing zkSNARKs with Universal and Updatable SRS},
      howpublished = {Cryptology ePrint Archive, Paper 2019/1047},
      year = {2019},
      note = {\url{https://eprint.iacr.org/2019/1047}},
      url = {https://eprint.iacr.org/2019/1047}
}

@misc{rollup_guide,
  author = {Vitalik Buterin},
  title = {An Incomplete Guide to Rollups},
  year = {2021},
  howpublished = {\url{https://vitalik.ca/general/2021/01/05/rollup.html}},
  note = {Accessed: \today}
}

@misc{plonky2,
  author = {Polygon Zero Team},
  title = {Plonky2: Fast Recursive Arguments with PLONK and FRI},
  year = {2022},
  howpublished = {\url{https://github.com/mir-protocol/plonky2/blob/main/plonky2/plonky2.pdf}},
  note = {Accessed: \today}
}

@misc{springrollup,
  author = {Albus Dompeldorius},
  title = {Springrollup},
  year = {2021}, 
  howpublished = {\url{https://github.com/adompeldorius/springrollup}},
  note = {Accessed: \today}
}

@misc{stateless_limits,
      author = {Miranda Christ and Joseph Bonneau},
      title = {Limits on revocable proof systems, with applications to stateless blockchains},
      howpublished = {Cryptology ePrint Archive, Paper 2022/1478},
      year = {2022},
      note = {\url{https://eprint.iacr.org/2022/1478}},
      url = {https://eprint.iacr.org/2022/1478}
}

@article{bls,
author = {Boneh, Dan and Lynn, Ben and Shacham, Hovav},
title = {Short Signatures from the Weil Pairing},
year = {2004},
issue_date = {September 2004},
publisher = {Springer-Verlag},
address = {Berlin, Heidelberg},
volume = {17},
number = {4},
issn = {0933-2790},
url = {https://doi.org/10.1007/s00145-004-0314-9},
doi = {10.1007/s00145-004-0314-9},
journal = {J. Cryptol.},
month = {sep},
pages = {297–319},
numpages = {23},
keywords = {Bilinear maps, Short signatures, Elliptic curves, Digital signatures, Pairings}
}

@ARTICLE{dolev_yao,
  author={Dolev, D. and Yao, A.},
  journal={IEEE Transactions on Information Theory}, 
  title={On the security of public key protocols}, 
  year={1983},
  volume={29},
  number={2},
  pages={198-208},
  doi={10.1109/TIT.1983.1056650}}

